@book{diff_eqs_sols_apps,
    author ={إسماعيل بوقفة و عايش النهاودة} ,
    title = {المعادلات التفاضلية العادية حلول و تطبيقات},
    publisher = {الجامعة العلوم والتكنولوجيا اليمنية},
    year = {2010}
}

@book{diff_eqs_pt1,
    author ={حسن مصطفى العويضي و عبد الوهاب عباس رجب و سناء علي زارع} ,
    title = {المعادلات التفاضلية (الجزء الأول)},
    publisher = {مكتبة الرشيد},
    year = {2006}
}

@book{diff_eqs_methods,
    author = {خالد أحمد السامرائي و يحيى عبد سعيد},
    title = {طرق حل المعادلات التفاضلية},
    publisher ={جامعة بغداد} ,
    year = {1986}
}

@book{diff_eqs_principles,
    author = {وليم بويس و ريتشارد دبريما},
    title ={مبادئ المعادلات التفاضلية} ,
    publisher = {دار جوان وايلي و إخوانه},
    year = {1990}
}

@book{
mathanal,
author={علي حميدة و عبدالوهاب بيبي},
title={التحليل},
publisher={جامعة عمار ثليجي الأغواط},
year={1973}
}

@book{intro_diff_eqs,
    author ={روحي إبراهيم الخطيب} ,
    title ={مقدمة في المعادلات التفاضلية} ,
    publisher = {دار الميسرة للطباعة والنشر},
    year = {2012}
}

@book{diff_eqs_its_apps,
    author ={عبد الشافي فهمي عبادة و حسن مصطفى العويضي و عفاف أبو الفتوح صالح} ,
    title ={المعادلات التفاضلية وتطبيقاتها} ,
    publisher ={دار الفكر العربي} ,
    year = {2010}
}

@book{guide_to_diff_eqs,
    author ={مجدي أمين كتبي و مروان أمين كتبي} ,
    title ={المرشد لحل المعادلات التفاضلية العادية} ,
    publisher ={} ,
    year = {1999}
}