@book{
mathanalysis,
author={Tom M. Apostol},
title={Mathemtical Analysis},
publisher={Addision-Wesley Publishing Company},
year={1981}
}

@book{
ode1,
author={William A. Adkins and Mark G. Davidson},
title={Ordinary Differential Equations},
publisher={Springer New York Heidelberg Dordrecht London},
year={2012}
}

@book{
ode2,
author={Gabriel Nagy},
title={Ordinary Differential Equations},
publisher={Michigan State University},
year={2021}
}

@book{
realanal,
author={Robert G. Bartle and Donald R. Sherbert},
title={Introduction to Real Analysis},
publisher={Wiley},
year={2000},
}

@book{
	elemrealanal,
	author={Brain S. Thomson and Judith B. Bruckner and Andrew M. Bruckner},
	title={Elementary Real Analysis},
	publisher={Prentice-Hall},
	year={2008},
}