@book{fisrt_course_1,
    author = {John B.Fraleigh},
    title = {A First Course in Abstract Algebra},
    publisher = {Addison-Wasley},
    year = {2003}
}

@book{first_course_2,
    author ={Hiram Paley} ,
    title = {A First Course in Abstract Algebra},
    publisher = {International Thomson Publishing},
    year = {1966}
}

@book{modern_algebra,
    author = {David M.Burton},
    title = {Introduction to Modern Algebra},
    publisher ={Addison-Wasley} ,
    year = {1967}
}

@book{applied_algebra,
    author = {Rudolf Lidl and GÃ¼nter Pilz},
    title = {Applied Abstract Algebra},
    publisher ={Springer} ,
    year = {1998}
}

@book{survey,
    author = {Garrett Birkhoff and Saunders Mac Lane},
    title = {A Survey of Modern Algebra},
    publisher ={A K Paters CRC Press} ,
    year = {2010}
}

@book{abstract_algbera_thomas,
    author = {Thomas W.Judson},
    title ={Abstract Algebra Theory and Applications} ,
    publisher = {PWS Pub co},
    year = {1993}
}

@book{theory_of_rings,
    author ={N. McCoy} ,
    title ={The Theory of Rings} ,
    publisher ={New York:Mocmillan} ,
    year = {1964}
}