@book{intro_to_analysis,
    author ={William R. Wade},
    title ={An Introduction to Analysis} ,
    publisher ={Practice Hall} ,
    year ={2009} 
}

@book{vector_calculus,
    author ={Susan J.Colley} ,
    title ={Vector Calculus} ,
    publisher ={Upper Saddle River} ,
    year = {2006}
}

@book{primesofrealfunctions,
    author ={Boas and Ralph P. and Jr.} ,
    title = {Primer of Real Functions},
    publisher ={Carus Monograph 13. New York: Mathematical Association of America and John Wiley and Sons, Inc.} ,
    year = {1960}
}

@book{advanced_calculus,
    author = {Taylor and Angus E.},
    title ={Advanced Calculus} ,
    publisher ={Boston: Ginn and Company} ,
    year = {1995}
}