@book{
abstract_algebra1,
author={Gerhard Rosenborg, Annika Schuernborg, Leonard Wienke},
title={Abstract Algebra With Applications to Galois Theory, Algebraic Geometry, Representation Theory and Cryptography},
publisher={Mathematics Subject Classification},
year={2020}
}

@book{
	abstract_algebra2,
	author={David S. Dummit, Richard M.Foote},
	title={Abstract Algebra},
	publisher={University of Vermort},
	year={2004}
}

@book{
first_course,
author={John B. Fraleigh},
title={A First Course in Abstract Algebra},
publisher={Addision-Wesley Publishing},
year={2003}
}

@book{
	abstract_algebra3,
	author={Jonathon K. Hodge and Steven Schlicker and Ted Sundstrom},
	title={Abstract Algebra},
	publisher={CRC Press},
	year={2024}
}
