@book{
ode,
author={اسماعيل بوقفة و عايش المناودة},
title={المعادلات التفاضلية العادية حلول وتطبيقات},
publisher={},
year={},
langid={arabic},
keywords={arabic}
}

@book{
pde1,
author={عطالله ثامر االعاني},
title={مقدمة الى المعادلات التفاضلية الجزئية},
publisher={جامعة بغداد},
year={1990},
langid={arabic},
keywords={arabic}
}

@book{
pde2,
author={Victor Ivrii},
title={Partial Differential Equations},
publisher={University of Tornto},
year={2022},
langid={english},
keywords={english}
}

@book{
	pde3,
	author={E.C. Zachmanoglou and Dale W. Thoe},
	title={Introduction to Partial Differential Equations with Applications},
	publisher={Dover Publications, Inc., New York},
	year={1986},
	langid={english},
	keywords={english}
}

@book{
jhhe1,
author={J.H. He},
title={A new approach to nonlinear partial differential equations},
publisher={Comm.in Nonlinear Sci, and Nummer. Simul.2},
year={1997},
langid={english},
keywords={english}
}

@book{
	jhhe2,
	author={J.H. He},
    title={Approximate analytical solution for seepage flow with fractional derivatives},
	publisher={Comp. Methods Appl. Merch. Engg},
	year={1998},
	langid={english},
	keywords={english}
}

@book{
	jhhe3,
	author={J.H. He},
	title={Approximate solution for non linear differentail equations with convolution product non-linearities},
	publisher={Comp. Methods Appl. Merch. Engg},
	year={1998},
	langid={english},
	keywords={english}
}



