@book{discrete_math1,
	author={ميسم أحمد جديد},
	title={الرياضيات المتقطعة},
	publisher={منشورات جامعة الشام الخاصة},
	year={2021}
}

@book{discrete_math2,
	author={روحي ابراهيم الخطيب},
	title={الرياضيات المتقطعة},
	publisher={دار المسيرة للنشر و التوزيع},
	year={2013}
}

@book{
discrete_math3,
title={الرياضيات المتقطعة لطلبة العلوم والحاسوب},
author={سليم شفيق الأشهب},
publisher={دار المناهج للنشر والتوزيع},
year={2013}
}

@book{
graphtheory,
author={رامي شاهين و سهيل محفوض},
title={نظرية البيان},
publisher={جامعة تشرين - كلية العلوم},
year={2011}
}

@book{
boolean,
author={احمد عبدالعزيز},
title={المختصر المفيد في اساسيات ومفاهيم الجبر البولياني والبواباتالمنطقية},
year={2018}
}

